<record><leader>00000cas a22000007a 4500</leader><controlfield tag="001">33901604</controlfield><controlfield tag="008">951213d19231944azuwr ne      0    0eng d</controlfield><datafield ind1=" " ind2=" " tag="010"><subfield code="a">sn 95060915 </subfield></datafield><datafield ind1=" " ind2=" " tag="040"><subfield code="a">ANN</subfield><subfield code="b">eng</subfield><subfield code="c">ANN</subfield><subfield code="d">DLC</subfield><subfield code="d">OCLCF</subfield><subfield code="d">OCLCO</subfield></datafield><datafield ind1="1" ind2=" " tag="029"><subfield code="a">AU@</subfield><subfield code="b">000012176310</subfield></datafield><datafield ind1=" " ind2=" " tag="042"><subfield code="a">msc</subfield></datafield><datafield ind1=" " ind2=" " tag="043"><subfield code="a">n-us-az</subfield></datafield><datafield ind1="0" ind2=" " tag="130"><subfield code="a">Graham County guardian and Gila Valley farmer (Safford, Ariz. : 1923)</subfield></datafield><datafield ind1="0" ind2="0" tag="245"><subfield code="a">Graham County guardian and Gila Valley farmer.</subfield></datafield><datafield ind1="1" ind2="7" tag="246"><subfield code="a">Guardian-farmer</subfield></datafield><datafield ind1=" " ind2=" " tag="260"><subfield code="a">Safford, Ariz. :</subfield><subfield code="b">Kelly Print. and Pub. Co.,</subfield><subfield code="c">1923-1944.</subfield></datafield><datafield ind1=" " ind2=" " tag="300"><subfield code="a">v.</subfield></datafield><datafield ind1=" " ind2=" " tag="310"><subfield code="a">Weekly</subfield></datafield><datafield ind1="0" ind2=" " tag="362"><subfield code="a">28th year, no. 11 (May 2, 1923)-48th year, no. 4 (Apr. 21, 1944).</subfield></datafield><datafield ind1=" " ind2=" " tag="580"><subfield code="a">Merger of: Graham guardian (Safford, Ariz. : 1944), and: Gila Valley farmer.</subfield></datafield><datafield ind1=" " ind2="0" tag="651"><subfield code="a">Safford (Ariz.)</subfield><subfield code="v">Newspapers.</subfield></datafield><datafield ind1=" " ind2="0" tag="651"><subfield code="a">Graham County (Ariz.)</subfield><subfield code="v">Newspapers.</subfield></datafield><datafield ind1=" " ind2="7" tag="655"><subfield code="a">Newspapers.</subfield><subfield code="2">fast</subfield><subfield code="0">(OCoLC)fst01423814</subfield></datafield><datafield ind1=" " ind2="7" tag="651"><subfield code="a">Arizona</subfield><subfield code="z">Graham County.</subfield><subfield code="2">fast</subfield><subfield code="0">(OCoLC)fst01212049</subfield></datafield><datafield ind1=" " ind2="7" tag="651"><subfield code="a">Arizona</subfield><subfield code="z">Safford.</subfield><subfield code="2">fast</subfield><subfield code="0">(OCoLC)fst01216944</subfield></datafield><datafield ind1=" " ind2=" " tag="752"><subfield code="a">United States</subfield><subfield code="b">Arizona</subfield><subfield code="c">Graham</subfield><subfield code="d">Safford.</subfield></datafield><datafield ind1="1" ind2="4" tag="780"><subfield code="t">Graham guardian (Safford, Ariz. : 1895)</subfield><subfield code="x">2151-5476</subfield><subfield code="w">(DLC)sn 95060914</subfield><subfield code="w">(OCoLC)33900605</subfield></datafield><datafield ind1="1" ind2="4" tag="780"><subfield code="t">Gila Valley farmer</subfield><subfield code="w">(DLC)sn 95060913</subfield></datafield><datafield ind1="0" ind2="0" tag="785"><subfield code="t">Graham County guardian (Safford, Ariz. : 1944)</subfield><subfield code="w">(DLC)sn 95060916</subfield></datafield></record>